
@Inbook{GR15,
author="Garc{\'i}a-Raboso, Alberto
and Rayan, Steven",
editor="Laza, Radu
and Sch{\"u}tt, Matthias
and Yui, Noriko",
title="Introduction to Nonabelian Hodge Theory",
bookTitle="Calabi-Yau Varieties: Arithmetic, Geometry and Physics: Lecture Notes on Concentrated Graduate Courses",
year="2015",
publisher="Springer New York",
address="New York, NY",
pages="131--171",
abstract="Hodge theory bridges the topological, smooth and holomorphic worlds. In the abelian case of the preceding chapter, these are embodied by the Betti, de Rham and Dolbeault cohomology groups, respectively, of a smooth compact K{\"a}hler manifold, X.",
isbn="978-1-4939-2830-9",
doi="10.1007/978-1-4939-2830-9_5",
url="https://doi.org/10.1007/978-1-4939-2830-9_5"
}

@misc{ModQuivBun,
title={Moduli stacks of quiver bundles with applications to Higgs bundles}, 
author={Mahmud Azam and Steven Rayan},
year={2025},
eprint={2407.11958},
archivePrefix={arXiv},
primaryClass={math.AG},
url={https://arxiv.org/abs/2407.11958}, 
}

@misc{NonAbHodgeFilt,
title={The Hodge filtration on nonabelian cohomology}, 
author={Carlos Simpson},
year={1996},
eprint={alg-geom/9604005},
archivePrefix={arXiv},
primaryClass={alg-geom},
url={https://arxiv.org/abs/alg-geom/9604005}, 
}

@misc{GeomNonAbHodgeFilt,
title={Geometricity of the Hodge filtration on the $\infty$-stack of perfect complexes over $X_{DR}$}, 
author={Carlos T. Simpson},
year={2008},
eprint={math/0510269},
archivePrefix={arXiv},
primaryClass={math.AG},
url={https://arxiv.org/abs/math/0510269}, 
}

@misc{Prsntbl-n-St,
title={A relative notion of algebraic Lie group and applications to $n$-stacks}, 
author={Carlos Simpson},
year={1996},
eprint={alg-geom/9607002},
archivePrefix={arXiv},
primaryClass={alg-geom},
url={https://arxiv.org/abs/alg-geom/9607002}, 
}

@misc{AlgGeom-n-St,
title={Algebraic (geometric) $n$-stacks}, 
author={Carlos Simpson},
year={1996},
eprint={alg-geom/9609014},
archivePrefix={arXiv},
primaryClass={alg-geom},
url={https://arxiv.org/abs/alg-geom/9609014}, 
}

@article{NagataComp,
title={Nagata compactification for algebraic spaces},
volume={11},
DOI={10.1017/S1474748011000223},
number={4},
journal={Journal of the Institute of Mathematics of Jussieu},
author={Conrad, Brian and Lieblich, Max and Olsson, Martin},
year={2012},
pages={747–814}
}

@misc{CW17,
title={An introduction to moduli stacks, with a view towards Higgs bundles on algebraic curves}, 
author={Sebastian Casalaina-Martin and Jonathan Wise},
year={2017},
eprint={1708.08124},
archivePrefix={arXiv},
primaryClass={math.AG},
url={https://arxiv.org/abs/1708.08124}, 
}

@misc{Por17,
title={The derived Riemann-Hilbert correspondence}, 
author={Mauro Porta},
year={2017},
eprint={1703.03907},
archivePrefix={arXiv},
primaryClass={math.AG},
url={https://arxiv.org/abs/1703.03907}, 
}

@article {AS:05,
    AUTHOR = {Schmitt, Alexander},
     TITLE = {Moduli for decorated tuples of sheaves and representation
              spaces for quivers},
   JOURNAL = {Proc. Indian Acad. Sci. Math. Sci.},
  FJOURNAL = {Indian Academy of Sciences. Proceedings. Mathematical
              Sciences},
    VOLUME = {115},
      YEAR = {2005},
    NUMBER = {1},
     PAGES = {15--49},
      ISSN = {0253-4142},
   MRCLASS = {14D20 (14F05 16G20)},
  MRNUMBER = {2120597},
MRREVIEWER = {Alastair Craw},
       DOI = {10.1007/BF02829837},
       URL = {https://doi.org/10.1007/BF02829837},
}

@article {AS:22,
    AUTHOR = {Schmitt, Alexander H. W.},
     TITLE = {An elementary discussion of the representation and geometric
              invariant theory of equioriented quivers of type {$D$} with an
              application to quiver bundles},
   JOURNAL = {Linear Multilinear Algebra},
  FJOURNAL = {Linear and Multilinear Algebra},
    VOLUME = {70},
      YEAR = {2022},
    NUMBER = {21},
     PAGES = {7142--7175},
      ISSN = {0308-1087},
   MRCLASS = {16G20 (14D20)},
  MRNUMBER = {4568604},
MRREVIEWER = {Ziyu Zhang},
       DOI = {10.1080/03081087.2021.1983512},
       URL = {https://doi.org/10.1080/03081087.2021.1983512},
}

@article {AS:20,
    AUTHOR = {Schmitt, Alexander},
     TITLE = {Stability parameters for quiver sheaves},
   JOURNAL = {Int. Math. Res. Not. IMRN},
  FJOURNAL = {International Mathematics Research Notices. IMRN},
      YEAR = {2020},
    NUMBER = {20},
     PAGES = {6666--6698},
      ISSN = {1073-7928},
   MRCLASS = {14D20 (16G20)},
  MRNUMBER = {4172666},
MRREVIEWER = {Jon Eivind Vatne},
       DOI = {10.1093/imrn/rnz162},
       URL = {https://doi.org/10.1093/imrn/rnz162},
}

@incollection {AS:17,
    AUTHOR = {Schmitt, Alexander H. W.},
     TITLE = {Generically semistable linear quiver sheaves},
 BOOKTITLE = {Functional analysis in interdisciplinary applications},
    SERIES = {Springer Proc. Math. Stat.},
    VOLUME = {216},
     PAGES = {393--415},
 PUBLISHER = {Springer, Cham},
      YEAR = {2017},
   MRCLASS = {16G20 (14D20)},
  MRNUMBER = {3748881},
MRREVIEWER = {Jian Min Chen},
       DOI = {10.1007/978-3-319-67053-9\_3},
       URL = {https://doi.org/10.1007/978-3-319-67053-9_3},
}

@book {AS:08,
    AUTHOR = {Schmitt, Alexander H. W.},
     TITLE = {Geometric invariant theory and decorated principal bundles},
    SERIES = {Zurich Lectures in Advanced Mathematics},
 PUBLISHER = {European Mathematical Society (EMS), Z\"{u}rich},
      YEAR = {2008},
     PAGES = {viii+389},
      ISBN = {978-3-03719-065-4},
   MRCLASS = {14H60 (13A50 14D20 14F05 14J60 14L24 14L30)},
  MRNUMBER = {2437660},
MRREVIEWER = {P. E. Newstead},
       DOI = {10.4171/065},
       URL = {https://doi.org/10.4171/065},
}

@article {AS:13,
    AUTHOR = {Schmitt, Alexander},
     TITLE = {Global boundedness for semistable decorated principal bundles
              with special regard to quiver sheaves},
   JOURNAL = {J. Ramanujan Math. Soc.},
  FJOURNAL = {Journal of the Ramanujan Mathematical Society},
    VOLUME = {28A},
      YEAR = {2013},
     PAGES = {443--490},
      ISSN = {0970-1249},
   MRCLASS = {14D20 (16G20)},
  MRNUMBER = {3115203},
MRREVIEWER = {Jon Eivind Vatne},
}

@article {RS:18,
    AUTHOR = {Rayan, Steven and Sundbo, Evan},
     TITLE = {Twisted argyle quivers and {H}iggs bundles},
   JOURNAL = {Bull. Sci. Math.},
  FJOURNAL = {Bulletin des Sciences Math\'{e}matiques},
    VOLUME = {146},
      YEAR = {2018},
     PAGES = {1--32},
      ISSN = {0007-4497},
   MRCLASS = {14D20 (14H60 14L24 16G20)},
  MRNUMBER = {3812708},
MRREVIEWER = {M\'{a}ty\'{a}s Domokos},
       DOI = {10.1016/j.bulsci.2018.03.003},
       URL = {https://doi.org/10.1016/j.bulsci.2018.03.003},
}


@article {RS:21,
    AUTHOR = {Rayan, Steven and Sundbo, Evan},
     TITLE = {Twisted cyclic quiver varieties on curves},
   JOURNAL = {Eur. J. Math.},
  FJOURNAL = {European Journal of Mathematics},
    VOLUME = {7},
      YEAR = {2021},
    NUMBER = {1},
     PAGES = {205--225},
      ISSN = {2199-675X},
   MRCLASS = {14D20 (14H60 16G20)},
  MRNUMBER = {4220032},
MRREVIEWER = {Calin Chindris},
       DOI = {10.1007/s40879-019-00365-0},
       URL = {https://doi.org/10.1007/s40879-019-00365-0},
}



@article {GK:05,
    AUTHOR = {Gothen, Peter B. and King, Alastair D.},
     TITLE = {Homological algebra of twisted quiver bundles},
   JOURNAL = {J. London Math. Soc. (2)},
  FJOURNAL = {Journal of the London Mathematical Society. Second Series},
    VOLUME = {71},
      YEAR = {2005},
    NUMBER = {1},
     PAGES = {85--99},
      ISSN = {0024-6107},
   MRCLASS = {16G20 (16S60 18G15)},
  MRNUMBER = {2108248},
MRREVIEWER = {Adrian Langer},
       DOI = {10.1112/S0024610704005952},
       URL = {https://doi.org/10.1112/S0024610704005952},
}

@article {R18,
    AUTHOR = {Rayan, Steven},
     TITLE = {Aspects of the topology and combinatorics of {H}iggs bundle
              moduli spaces},
   JOURNAL = {SIGMA Symmetry Integrability Geom. Methods Appl.},
  FJOURNAL = {SIGMA. Symmetry, Integrability and Geometry. Methods and
              Applications},
    VOLUME = {14},
      YEAR = {2018},
     PAGES = {Paper No. 129, 18},
   MRCLASS = {14H60 (05A19 14D20 46M20 57N65)},
  MRNUMBER = {3884746},
       DOI = {10.3842/SIGMA.2018.129},
       URL = {https://doi.org/10.3842/SIGMA.2018.129},
}

@article{Ghi19,
title={Internal enriched categories},
url={https://www.repository.cam.ac.uk/handle/1810/298234},
DOI={10.17863/CAM.45286},
publisher={Apollo - University of Cambridge Repository},
author={Ghiorzi, Enrico},
year={2019},
keywords={category theory, internal categories, enriched categories, effective topos, modest sets}
}

@misc{AK22,
author={Adeel Khan},
title={A Modern Introduction to Algebraic Geometry},
year={2022},
url={https://www.preschema.com/lecture-notes/2022-stacks/stacksncts.pdf}
}

@misc{CS19,
title={Lectures on Analytic Geometry},
author={Dustin Clausen and Peter Scholze},
year={2019},
url={https://www.math.uni-bonn.de/people/scholze/Analytic.pdf}
}

@article{HR19,
author={Jack Hall and David Rydh},
title={Coherent Tannaka duality and algebraicity of Hom-stacks},
journal={Algebra \& Number Theory},
year={2019},
volume={13},
number={7},
pages={1633---1675}
}

@book{AlperModuli,
title={Stacks and Moduli},
author={Jarod Alper},
date={February 17, 2025},
url={https://sites.math.washington.edu/~jarod/moduli.pdf}
}

@misc{FormalAlgSt,
title={Formal Algebraic Stacks},
author={Matthew Emerton},
note={Notes},
url={https://www.math.uchicago.edu/~emerton/pdffiles/formal-stacks.pdf}
}

@misc{AHR23,
title={The \'etale local structure of algebraic stacks}, 
author={Jarod Alper and Jack Hall and David Rydh},
year={2023},
eprint={1912.06162},
archivePrefix={arXiv},
primaryClass={math.AG},
url={https://arxiv.org/abs/1912.06162}
}

@misc{HL22,
title={On the structure of instability in moduli theory}, 
author={Daniel Halpern-Leistner},
year={2022},
eprint={1411.0627},
archivePrefix={arXiv},
primaryClass={math.AG},
url={https://arxiv.org/abs/1411.0627}, 
}

@article{AHLH24,
title={Existence of moduli spaces for algebraic stacks},
volume={234},
ISSN={1432-1297},
url={http://dx.doi.org/10.1007/s00222-023-01214-4},
DOI={10.1007/s00222-023-01214-4},
number={3},
journal={Inventiones mathematicae},
publisher={Springer Science and Business Media LLC},
author={Alper, Jarod and Halpern-Leistner, Daniel and Heinloth, Jochen},
year={2023},
month=aug, pages={949–1038} }


@misc{HP19,
title={Mapping stacks and categorical notions of properness}, 
author={Daniel Halpern-Leistner and Anatoly Preygel},
year={2019},
eprint={1402.3204},
archivePrefix={arXiv}
}

@misc{SixFuncNotes,
title={Six Functor Formalisms},
author={Peter Scholze},
year={2022},
url={https://people.mpim-bonn.mpg.de/scholze/SixFunctors.pdf}
}

@misc{Man22,
title={A $p$-Adic 6-Functor Formalism in Rigid-Analytic Geometry}, 
author={Lucas Mann},
year={2022},
eprint={2206.02022},
archivePrefix={arXiv}
}

@misc{Kuj24,
title={An axiomatization of six-functor formalisms}, 
author={Josefien Kuijper},
year={2024},
eprint={2309.11449},
archivePrefix={arXiv}
}

@misc{PTVV13,
title={Shifted Symplectic Structures}, 
author={T. Pantev and B. Toen and M. Vaquie and G. Vezzosi},
year={2013},
eprint={1111.3209},
archivePrefix={arXiv},
primaryClass={math.AG},
url={https://arxiv.org/abs/1111.3209}, 
}

@misc{BKK24,
title={A Perspective on the Foundations of Derived Analytic Geometry}, 
author={Oren Ben-Bassat and Jack Kelly and Kobi Kremnizer},
year={2024},
eprint={2405.07936},
archivePrefix={arXiv}
}

@book{AlgStkModVecBun,
    author={Frank Neumann},
    title={Algebraic Stacks and Moduli of Vector Bundles},
    publisher={IMPA},
    year={2011},
    url={https://impa.br/wp-content/uploads/2017/04/PM_36.pdf}
}
@misc{AI23,
title={Motivic spectra and universality of $K$-theory}, 
author={Toni Annala and Ryomei Iwasa},
year={2023},
eprint={2204.03434},
archivePrefix={arXiv},
primaryClass={math.AG}
}

@book{GJ09,
author={Paul G. Goerss and John F. Jardine},
title={Simplicial Homotopy Theory},
year={2009},
publisher={Birkh\"{a}user}
}

@article{MV99,
author={Fabien Morel and Vladimir Voevodsky},
title={$A^1$--homotopy theory of schemes},
journal={Publications math\'ematiques de l'I.H.E.S},
year={1999},
volume={90},
pages={45-143}
}

@article{AHW17,
title={Affine representability results in A1-homotopy theory, I: Vector bundles},
volume={166},
ISSN={0012-7094},
url={http://dx.doi.org/10.1215/00127094-0000014X},
DOI={10.1215/00127094-0000014x},
number={10},
journal={Duke Mathematical Journal},
publisher={Duke University Press},
author={Asok, Aravind and Hoyois, Marc and Wendt, Matthias},
year={2017},
month=jul
}


@book{AGRH,
author={Robin Hartshorne},
title={Algebraic Geometry},
year={1977},
publisher={Springer},
series={Grad. Texts. in Math.},
number={52}
}

@book{SpAG,
author={Jacob Lurie},
title={Spectral Algebraic Geometry},
year={2018},
url={https://www.math.ias.edu/~lurie/papers/SAG-rootfile.pdf}
}

@book{HA,
author={Jacob Lurie},
title={Higher Algebra},
year={2017},
url={https://www.math.ias.edu/~lurie/papers/HA.pdf}
}

@misc{BR18,
title={Constructing the Unstable Motivic Homotopy Category Using $(\infty,1)$-Categories}, 
author={Thomas Brazelton},
year={2018},
eprint={1810.00094},
archivePrefix={arXiv},
primaryClass={math.AT}
}

@article{HigherGal,
author={Mark Hoyois},
title={Higher Galois Theory},
year={2018},
journal={Journal of Pure and Applied Algebra},
volume={222},
issue={7},
pages={1859---1877}
}

@book{HTT,
author={Jacob Lurie},
title={Higher Topos Theory},
year={2009},
series={Annals of Mathematics Studies},
number={170},
publisher={Princeton University Press}
}

@book{GalSch,
author={H. W. Lenstra},
title={Galois Theory for Schemes},
year={2008},
publisher={Math. Inst. Univ. Leiden},
url={https://websites.math.leidenuniv.nl/algebra/GSchemes.pdf}
}

@book{AT,
author={Allen Hatcher},
title={Algebraic Topology},
year={2001},
url={https://pi.math.cornell.edu/~hatcher/AT/AT+.pdf}
}

@book{ATDieck,
author={Tammo tom Dieck},
title={Algebraic Topology},
year={2008},
publisher={European Math. Soc.},
url={https://www.maths.ed.ac.uk/~v1ranick/papers/diecktop.pdf}
}

@book{GalCovRiemann,
title={Galois Theory, Coverings, and Riemann Surfaces},
author={Askold Khovanskii},
publisher={Springer},
year={2013}
}

@book{Gal,
author={Joseph Rotman},
title={Galois Theory},
publisher={Springer},
year={1998},
edition={2} 
}

@book{ShvGeomLgc,
author={Saunders {Mac Lane} and Ieke Moerdijk},
title={Sheaves in Geometry and Logic},
subtitle={A First Introduction to Topos Theory},
year={1992},
publisher={Springer}
}

@misc{CovComplete,
author={Yan Shuo Tan},
title={A Skeleton in the Category},
subtitle={The Secret Theory of Covering Spaces},
year={2012},
note={REU, Univ. of Chicago},
url={http://math.uchicago.edu/~may/REU2012/REUPapers/Tan.pdf}
}

@article{CovProGrpd,
author={Luis Javier Hern\'andez-Paricio},
title={Fundamental pro-groupoids and covering projections},
journal={Fundamenta Mathematicae},
volume={156},
year={1998}
}

@book{HOpHCat,
author={Tom Leinster},
title={Higher Operads, Higher Categories},
series={London Math. Soc. Lec. Notes},
publisher={Cambridge University Press},
note={Preprint version},
url={http://arXiv.org/abs/math/0305049v1}
}

@article{RepGalAtmTop,
author={Eduardo J. Dubuc},
title={On the representation theory of Galois and atomic topois},
year={2004},
journal={Journal of Pure and Applied Algebra},
volume={86},
issue={3},
pages={233---275}
}

@article{LocSimpConn,
author={Michael Barr and Radu Diaconescu},
title={On locally simply connected toposes and their fundamental groups},
year={1981},
journal={Cahiers de topologie et g\'eometrie diff\'erentielle cat\'egorieques},
volume={22},
issue={3},
pages={301---314}
}

@article{ProdiscGrp,
author={Ieke Moerdijk},
title={Prodiscrete groups and Galois toposes},
year={1989},
month={June},
date={19},
volume={92},
issue={2},
journal={Indagationes Mathematicae (Proceedings)}
}

@article{FundGrpPaths,
author={Marta Bunge and Ieke Moerdijk},
title={On the construction of the Grothendieck fundamental group of a topos by
paths},
journal={Journal of Pure and Applied Algebra},
volume={116},
year={1997},
pages={99---113}
}

@article{FundGrpdGenTop,
author={Eduardo J. Dubuc},
title={The fundamental progroupoid of a general topos},
journal={Journal of Pure and Applied Algebra},
volume={212},
issue={11},
year={2008},
month={November},
pages={2479---2492}
}

@book{CWM,
author={Saunders {Mac Lane}},
title={Categories for the Working Mathematician},
edition={2},
year={1997},
publisher={Springer}
}

@article{DAGXIII,
author={Jacob Lurie},
title={Derived Algebraic Geometry XIII},
subtitle={Rational and $p$--adic Homotopy Theory},
year={2011},
url={https://www.math.ias.edu/~lurie/papers/DAG-XIII.pdf}
}

@misc{nLabShape,
author={nLab},
title={Shape of an $(\infty, 1)$--topos},
year={2021},
url={https://ncatlab.org/nlab/show/shape+of+an+%28infinity%2C1%29-topos}
}

@misc{nLabFunInfGrpd,
author={nLab},
title={Fundamental infinity-groupoid of a locally infinity-connected (infinity,
1)--topos},
year={2014},
url={https://ncatlab.org/nlab/show/fundamental+infinity-groupoid+of+a+locally+infinity-connected+%28infinity%2C1%29-topos}
}

@misc{EtaleTop,
author={Brian Conrad},
title={The \'Etale Topology},
year={2016},
note={Lecture Note 17 for \textit{Number theory learning seminar 2016---2017}},
url={http://virtualmath1.stanford.edu/~conrad/Weil2seminar/Notes/L2.pdf}
}

@misc{stacks-project,
author       = {The {Stacks project authors}},
title        = {The Stacks project},
howpublished = {\url{https://stacks.math.columbia.edu}},
year         = {2025},
}

@misc{EtCoSchwein,
author={David Schwein},
title={\'Etale Cohomology},
year={2017},
month={August},
note={Lecture notes for minicourse on \'etale cohomology, University of
Michigan}
}

@book{IntS,
author={N. J. Hitchin and G. B. Segal and R. S. Ward},
title={Integrable Systems},
year={1999},
subtitle={Twistors, Loop Groups, and Riemann Surfaces},
series={Oxford Graduate Texts in Mathematics},
publisher={Oxford University Press}
}

@misc{ModGIT,
author={Victoria Hoskins},
title={Moduli Problems and Geometric Invariant Theory},
year={2015},
note={Course notes for Algebraic Geometry II: Moduli and GIT, Winter Semester
2015/2016, FU Berlin},
url={https://userpage.fu-berlin.de/hoskins/M15_Lecture_notes.pdf}
}

@MISC{GrQuot,
TITLE = {graded ring and homogeneous ideal},
AUTHOR = {Stackexchange User: Born to be proud (https://math.stackexchange.com/users/239012/born-to-be-proud)},
HOWPUBLISHED = {Mathematics Stack Exchange},
URL = {https://math.stackexchange.com/q/2402246}
}

@misc{GrRngMod,
author={Tom Marley},
title={Graded Rings and Modules},
url={https://math.unl.edu/~tmarley1/905notes.pdf}
}

@misc{nLabOvercategory,
title={Overcategory},
author={nLab},
url={https://ncatlab.org/nlab/show/over+category},
year={2023}
}

@misc{AffGrpSch,
author={J. S. Milne},
title={Basic Theory of Affine Group Schemes},
year={2012},
url={https://www.jmilne.org/math/CourseNotes/AGS.pdf}
}

@misc{limObjWise,
author={nLab},
title={Limits of presheaves are computed objectwise},
url={https://ncatlab.org/nlab/show/limits+of+presheaves+are+computed+objectwise},
year={2023}
}

@misc{HomLim,
author={nLab},
title={Hom-functor preserves limits},
url={https://ncatlab.org/nlab/show/hom-functor+preserves+limits},
year={2023}
}

@misc{nLabIntCat,
author={nLab},
title={Internal Categories},
url={https://ncatlab.org/nlab/show/internal+category},
year={2023}
}
